@article{jonsson2009database,
  title={Database driven user friendly web application using Ajax},
  author={Jonsson, David},
  year={2009},
  publisher={Citeseer}
}

@misc{herlihy2013howmany,  
  author={Herlihy, Peter},
  title={How many people are missing out on JavaScript enhancement?},
  journal={Gov UK blog},
  type={Blog},
  number={October 21},
  year={2013},
  note = {accessed on 2015-07-28},
  howpublished={\url{https://gds.blog.gov.uk/2013/10/21/how-many-people-are-missing-out-on-javascript-enhancement/}
}

@phdthesis{matter2008ajax,
  title={Ajax Crawl: making Ajax applications searchable},
  author={Matter, Reto},
  year={2008},
  school={Master Thesis ETH Zurich, July 31, 2008}
}

@article{roodt2006effect,
  title={The effect of AJAX on performance and usability in Web environments},
  author={Roodt, Youri},
  journal={Research supervised by Hyves, Universiteit van Amsterdam, Hogeschool van Amsterdam, Vrije Universiteit},
  year={2006}
}

@inproceedings{kluge2007effects,
  title={The Effects of the Ajax Technology on Web Application Usability.},
  author={Kluge, Jonas and Kargl, Frank and Weber, Michael},
  booktitle={WEBIST (2)},
  pages={289--294},
  year={2007}
}

@book{mesbah2009analysis,
  title={Analysis and Testing of Ajax-based single-page web applications},
  author={Mesbah, Ali},
  year={2009},
  publisher={TU Delft, Delft University of Technology}
}

@inproceedings{duda2009ajax,
  title={Ajax crawl: Making ajax applications searchable},
  author={Duda, Cristian and Frey, Gianni and Kossmann, Donald and Matter, Reto and Zhou, Chong},
  booktitle={Data Engineering, 2009. ICDE'09. IEEE 25th International Conference on},
  pages={78--89},
  year={2009},
  organization={IEEE}
}

@article{lundmarkautomatic,
  title={Automatic Testing of Modern Web Applications in an Agile Environment},
  author={Lundmark, Simon}
}

@article{mesbah2012crawling,
  title={Crawling Ajax-based web applications through dynamic analysis of user interface state changes},
  author={Mesbah, Ali and van Deursen, Arie and Lenselink, Stefan},
  journal={ACM Transactions on the Web (TWEB)},
  volume={6},
  number={1},
  pages={3},
  year={2012},
  publisher={ACM}
}

@masterthesis{palomaki2010web,
  title={Web Application Performance Testing},
  author={Palom{\"a}ki, Jukka and others},
  year={2010}
}

@inproceedings{marchetto2008state,
  title={State-based testing of Ajax web applications},
  author={Marchetto, Alessandro and Tonella, Paolo and Ricca, Filippo},
  booktitle={Software Testing, Verification, and Validation, 2008 1st International Conference on},
  pages={121--130},
  year={2008},
  organization={IEEE}
}

@inproceedings{marchetto2007testing,
  title={Testing techniques applied to ajax web applications},
  author={Marchetto, Alessandro and Tonella, Paolo and Ricca, Filippo},
  booktitle={Proceedings of the Workshop on Web Quality, Verification and Validation (WQVV'07)},
  year={2007}
}

@techreport{bozdag2008performance,
  title={Performance testing of data delivery techniques for ajax applications},
  author={Bozdag, Engin and Mesbah, Ali and Van Deursen, Arie},
  year={2008},
  institution={Delft University of Technology, Software Engineering Research Group}
}

@phdthesis{estrada2011take,
  title={Take Me Back: A Study of the Back Button in the Modern Internet},
  author={Estrada, Bryan G},
  year={2011},
  school={California Polytechnic State University San Luis Obispo}
}

@article{berners1998cool,
  title={Cool $\{$URIs$\}$ don$\backslash$'t change},
  author={Berners-Lee, Tim},
  year={1998}
}

@techreport{fielding1999hypertext,
  title={Hypertext transfer protocol--HTTP/1.1},
  author={Fielding, Roy and Gettys, Jim and Mogul, Jeffrey and Frystyk, Henrik and Masinter, Larry and Leach, Paul and Berners-Lee, Tim},
  year={1999}
}

@misc{spero1994analysis,
  title={Analysis of http performance problems},
  author={Spero, Simon},
  year={1994}
}

@article{belshe2010more,
  title={More bandwidth doesnt matter (much)},
  author={Belshe, Mike},
  journal={Google Inc},
  year={2010}
}

@ONLINE{google2014online,
author = {{Google Inc.}},
title = {Ajax Crawling - Getting Started},
year = {2014},
note = {accessed on 2015-07-28},
howpublished = {\url{https://developers.google.com/webmasters/ajax-crawling/docs/getting-started}}
}

@ONLINE{hendriks2014understanding,
author = {Hendriks, Erik and Xu, Michael and Nagayama, Kazushi},
title = {Understanding web pages better},
year = {2014},
note = {accessed on 2015-07-28},
howpublished = {\url{http://googlewebmastercentral.blogspot.no/2014/05/understanding-web-pages-better.html}}
}

@article{mesbah2012invariant,
  title={Invariant-based automatic testing of modern web applications},
  author={Mesbah, Ali and Van Deursen, Arie and Roest, Danny},
  journal={Software Engineering, IEEE Transactions on},
  volume={38},
  number={1},
  pages={35--53},
  year={2012},
  publisher={IEEE}
}

